@ARTICLE{Mehrabi2019,
       author = {{Mehrabi}, Ninareh and {Morstatter}, Fred and {Saxena}, Nripsuta and
         {Lerman}, Kristina and {Galstyan}, Aram},
        title = "{A Survey on Bias and Fairness in Machine Learning}",
      journal = {arXiv e-prints},
     keywords = {Computer Science - Machine Learning},
         year = "2019",
        month = "Aug",
archivePrefix = {arXiv},
       eprint = {1908.09635},
 primaryClass = {cs.LG},
       adsurl = {https://ui.adsabs.harvard.edu/abs/2019arXiv190809635M},
      adsnote = {Provided by the SAO/NASA Astrophysics Data System}
}

@inproceedings{Feldman2015,
  author    = {Michael Feldman and
               Sorelle A. Friedler and
               John Moeller and
               Carlos Scheidegger and
               Suresh Venkatasubramanian},
  title     = {Certifying and Removing Disparate Impact},
  booktitle = {Proceedings of the 21th {ACM} {SIGKDD} International Conference on
               Knowledge Discovery and Data Mining, Sydney, NSW, Australia, August
               10-13, 2015},
  pages     = {259--268},
  year      = {2015},
  crossref  = {DBLP:conf/kdd/2015},
  timestamp = {Tue, 06 Nov 2018 16:59:36 +0100},
  biburl    = {https://dblp.org/rec/bib/conf/kdd/FeldmanFMSV15},
  bibsource = {dblp computer science bibliography, https://dblp.org}
}

@inproceedings{Zemel2013,
  author    = {Richard S. Zemel and
               Yu Wu and
               Kevin Swersky and
               Toniann Pitassi and
               Cynthia Dwork},
  title     = {Learning Fair Representations},
  booktitle = {Proceedings of the 30th International Conference on Machine Learning,
               {ICML} 2013, Atlanta, GA, USA, 16-21 June 2013},
  pages     = {325--333},
  year      = {2013},
  crossref  = {DBLP:conf/icml/2013},
  timestamp = {Wed, 29 May 2019 08:41:45 +0200},
  biburl    = {https://dblp.org/rec/bib/conf/icml/ZemelWSPD13},
  bibsource = {dblp computer science bibliography, https://dblp.org}
}

@inproceedings{Kamishima2012,
  author    = {Toshihiro Kamishima and
               Shotaro Akaho and
               Hideki Asoh and
               Jun Sakuma},
  title     = {Fairness-Aware Classifier with Prejudice Remover Regularizer},
  booktitle = {Machine Learning and Knowledge Discovery in Databases - European Conference,
               {ECML} {PKDD} 2012, Bristol, UK, September 24-28, 2012. Proceedings,
               Part {II}},
  pages     = {35--50},
  year      = {2012},
  crossref  = {DBLP:conf/pkdd/2012-2},
  timestamp = {Tue, 14 May 2019 10:00:47 +0200},
  biburl    = {https://dblp.org/rec/bib/conf/pkdd/KamishimaAAS12},
  bibsource = {dblp computer science bibliography, https://dblp.org}
}

@inproceedings{Zafar2017,
  author    = {Muhammad Bilal Zafar and
               Isabel Valera and
               Manuel Gomez{-}Rodriguez and
               Krishna P. Gummadi},
  title     = {Fairness Constraints: Mechanisms for Fair Classification},
  booktitle = {Proceedings of the 20th International Conference on Artificial Intelligence
               and Statistics, {AISTATS} 2017, 20-22 April 2017, Fort Lauderdale,
               FL, {USA}},
  pages     = {962--970},
  year      = {2017},
  crossref  = {DBLP:conf/aistats/2017},
  timestamp = {Wed, 29 May 2019 08:41:44 +0200},
  biburl    = {https://dblp.org/rec/bib/conf/aistats/ZafarVGG17},
  bibsource = {dblp computer science bibliography, https://dblp.org}
}

@phdthesis{Rosner2019,
    title    = {Constrained Clustering Problems and Parity Games},
    school   = {Universit\"at Bonn},
    author   = {R\"osner, Clemens},
    year     = {2019},
    type     = {Dissertation zur Erlangung des Doktorgrades (Dr. rer. nat.)
der Mathematisch-Naturwissenschaftlichen Fakultät
der Rheinischen Friedrich-Wilhelms-Universität Bonn}
}

@article{Gonzalez1985,
  author    = {Teofilo F. Gonzalez},
  title     = {Clustering to Minimize the Maximum Intercluster Distance},
  journal   = {Theoretical Computer Science},
  volume    = {38},
  pages     = {293--306},
  year      = {1985},
  timestamp = {Wed, 14 Nov 2018 10:33:32 +0100},
  biburl    = {https://dblp.org/rec/bib/journals/tcs/Gonzalez85},
  bibsource = {dblp computer science bibliography, https://dblp.org}
}

@inproceedings{Li2013,
  author    = {Shi Li and
               Ola Svensson},
  title     = {Approximating k-median via pseudo-approximation},
  booktitle = {Symposium on Theory of Computing Conference, STOC'13, Palo Alto, CA,
               USA, June 1-4, 2013},
  pages     = {901--910},
  year      = {2013},
  crossref  = {DBLP:conf/stoc/2013},
  timestamp = {Tue, 06 Nov 2018 11:07:05 +0100},
  biburl    = {https://dblp.org/rec/bib/conf/stoc/LiS13},
  bibsource = {dblp computer science bibliography, https://dblp.org}
}

@misc{Lichman2013,
author = "Lichman, Mosche and Bache, Kevin",
year = "2013",
title = "{UCI} Machine Learning Repository",
url = "http://archive.ics.uci.edu/ml",
institution = "University of California, Irvine, School of Information and Computer Sciences" }

@article{Arya2004,
  author    = {Vijay Arya and
               Naveen Garg and
               Rohit Khandekar and
               Adam Meyerson and
               Kamesh Munagala and
               Vinayaka Pandit},
  title     = {Local Search Heuristics for k-Median and Facility Location Problems},
  journal   = {{SIAM} J. Comput.},
  volume    = {33},
  number    = {3},
  pages     = {544--562},
  year      = {2004},
  timestamp = {Wed, 14 Feb 2018 13:29:26 +0100},
  biburl    = {https://dblp.org/rec/bib/journals/siamcomp/AryaGKMMP04},
  bibsource = {dblp computer science bibliography, https://dblp.org}
}

@book{Griggs1971,
    author = {},
    title = {Griggs v. Duke Power Co., 401 U.S. 424 (Supreme Court of the United States 1971).},
    year = {}
}

@book{uniform,
    author = {},
    title = {Uniform Guidelines on Employee Selection Procedures},
    year = {}
}

@book{Biddle2006,
edition={2}, title={Adverse Impact and Test Validation: A Practitioner's Guide to Valid and Defensible Employment Testing}, publisher={Routledge}, author={Biddle, Dan}, year={2006}
}

@inproceedings{Dwork2012,
  author    = {Cynthia Dwork and
               Moritz Hardt and
               Toniann Pitassi and
               Omer Reingold and
               Richard S. Zemel},
  title     = {Fairness through awareness},
  booktitle = {Innovations in Theoretical Computer Science 2012, Cambridge, MA, USA,
               January 8-10, 2012},
  pages     = {214--226},
  year      = {2012},
  crossref  = {DBLP:conf/innovations/2012},
  timestamp = {Wed, 14 Nov 2018 10:56:52 +0100},
  biburl    = {https://dblp.org/rec/bib/conf/innovations/DworkHPRZ12},
  bibsource = {dblp computer science bibliography, https://dblp.org}
}

@inproceedings{Chierichetti2017,
  author    = {Flavio Chierichetti and
               Ravi Kumar and
               Silvio Lattanzi and
               Sergei Vassilvitskii},
  title     = {Fair Clustering Through Fairlets},
  booktitle = {Advances in Neural Information Processing Systems 30: Annual Conference
               on Neural Information Processing Systems 2017, 4-9 December 2017,
               Long Beach, CA, {USA}},
  pages     = {5029--5037},
  year      = {2017},
  crossref  = {DBLP:conf/nips/2017},
  timestamp = {Tue, 23 Jul 2019 12:44:35 +0200},
  biburl    = {https://dblp.org/rec/bib/conf/nips/Chierichetti0LV17},
  bibsource = {dblp computer science bibliography, https://dblp.org}
}

@misc{Zhong2019,
title={A Tutorial on Fairness in Machine Learning}, url={https://towardsdatascience.com/a-tutorial-on-fairness-in-machine-learning-3ff8ba1040cb}, journal={Medium - Towards Data Science}, author={Zhong, Ziyuan}, year={2019}, month={Jul}}

@inproceedings{Hardt2016,
  author    = {Moritz Hardt and
               Eric Price and
               Nati Srebro},
  title     = {Equality of Opportunity in Supervised Learning},
  booktitle = {Advances in Neural Information Processing Systems 29: Annual Conference
               on Neural Information Processing Systems 2016, December 5-10, 2016,
               Barcelona, Spain},
  pages     = {3315--3323},
  year      = {2016},
  crossref  = {DBLP:conf/nips/2016},
  timestamp = {Fri, 03 Mar 2017 14:59:41 +0100},
  biburl    = {https://dblp.org/rec/bib/conf/nips/HardtPNS16},
  bibsource = {dblp computer science bibliography, https://dblp.org}
}

@inproceedings{Kusner2017,
  author    = {Matt J. Kusner and
               Joshua R. Loftus and
               Chris Russell and
               Ricardo Silva},
  title     = {Counterfactual Fairness},
  booktitle = {Advances in Neural Information Processing Systems 30: Annual Conference
               on Neural Information Processing Systems 2017, 4-9 December 2017,
               Long Beach, CA, {USA}},
  pages     = {4066--4076},
  year      = {2017},
  crossref  = {DBLP:conf/nips/2017},
  timestamp = {Tue, 23 Jul 2019 12:44:35 +0200},
  biburl    = {https://dblp.org/rec/bib/conf/nips/KusnerLRS17},
  bibsource = {dblp computer science bibliography, https://dblp.org}
}

@inproceedings{DBLP:conf/aies/FarnadiBG18,
  author    = {Golnoosh Farnadi and
               Behrouz Babaki and
               Lise Getoor},
  title     = {Fairness in Relational Domains},
  booktitle = {Proceedings of the 2018 {AAAI/ACM} Conference on AI, Ethics, and Society,
               {AIES} 2018, New Orleans, LA, USA, February 02-03, 2018},
  pages     = {108--114},
  year      = {2018},
  crossref  = {DBLP:conf/aies/2018},
  timestamp = {Mon, 14 Jan 2019 09:04:03 +0100},
  biburl    = {https://dblp.org/rec/bib/conf/aies/FarnadiBG18},
  bibsource = {dblp computer science bibliography, https://dblp.org}
}

@inproceedings{Hlaca2016,
  author    = {Nina Grgi\'c-Hlac\v{a} and
               Muhammad Bilal Zafar and
               Krishna P. Gummadi and Adrian Weller},
  title     = {The Case for Process Fairness in Learning:
Feature Selection for Fair Decision Making},
  booktitle = {Symposium on Machine Learning and the Law at the 29th Conference on Neural Information Processing Systems
(NIPS 2016), Barcelona, Spain.},
  year      = {2016},
}