@article{Scarselli2009a,
  author    = {Franco Scarselli and
               Marco Gori and
               Ah Chung Tsoi and
               Markus Hagenbuchner and
               Gabriele Monfardini},
  title     = {Computational Capabilities of Graph Neural Networks},
  journal   = {{IEEE} Trans. Neural Networks},
  volume    = {20},
  number    = {1},
  pages     = {81--102},
  year      = {2009},
  timestamp = {Wed, 14 Nov 2018 10:32:26 +0100},
  biburl    = {https://dblp.org/rec/bib/journals/tnn/ScarselliGTHM09a},
  bibsource = {dblp computer science bibliography, https://dblp.org}
}

@article{Scarselli2009b,
  author    = {Franco Scarselli and
               Marco Gori and
               Ah Chung Tsoi and
               Markus Hagenbuchner and
               Gabriele Monfardini},
  title     = {The Graph Neural Network Model},
  journal   = {{IEEE} Trans. Neural Networks},
  volume    = {20},
  number    = {1},
  pages     = {61--80},
  year      = {2009},
  timestamp = {Wed, 14 Nov 2018 10:32:11 +0100},
  biburl    = {https://dblp.org/rec/bib/journals/tnn/ScarselliGTHM09},
  bibsource = {dblp computer science bibliography, https://dblp.org}
}

@inproceedings{Lei2017,
  author    = {Tao Lei and
               Wengong Jin and
               Regina Barzilay and
               Tommi S. Jaakkola},
  title     = {Deriving Neural Architectures from Sequence and Graph Kernels},
  booktitle = {Proceedings of the 34th International Conference on Machine Learning,
               {ICML} 2017, Sydney, NSW, Australia, 6-11 August 2017},
  pages     = {2024--2033},
  year      = {2017},
  crossref  = {DBLP:conf/icml/2017},
  timestamp = {Fri, 19 Jul 2019 09:36:52 +0200},
  biburl    = {https://dblp.org/rec/bib/conf/icml/LeiJBJ17},
  bibsource = {dblp computer science bibliography, https://dblp.org}
}

@inproceedings{Hamilton2017,
  author    = {William L. Hamilton and
               Zhitao Ying and
               Jure Leskovec},
  title     = {Inductive Representation Learning on Large Graphs},
  booktitle = {Advances in Neural Information Processing Systems 30: Annual Conference
               on Neural Information Processing Systems 2017, 4-9 December 2017,
               Long Beach, CA, {USA}},
  pages     = {1024--1034},
  year      = {2017},
  crossref  = {DBLP:conf/nips/2017},
  timestamp = {Tue, 23 Jul 2019 12:44:35 +0200},
  biburl    = {https://dblp.org/rec/bib/conf/nips/HamiltonYL17},
  bibsource = {dblp computer science bibliography, https://dblp.org}
}

@inproceedings{Kipf2017,
  author    = {Thomas N. Kipf and
               Max Welling},
  title     = {Semi-Supervised Classification with Graph Convolutional Networks},
  booktitle = {5th International Conference on Learning Representations, {ICLR} 2017,
               Toulon, France, April 24-26, 2017, Conference Track Proceedings},
  year      = {2017},
  crossref  = {DBLP:conf/iclr/2017},
  timestamp = {Thu, 25 Jul 2019 14:25:55 +0200},
  biburl    = {https://dblp.org/rec/bib/conf/iclr/KipfW17},
  bibsource = {dblp computer science bibliography, https://dblp.org}
}

@inproceedings{Xu2019,
  author    = {Keyulu Xu and
               Weihua Hu and
               Jure Leskovec and
               Stefanie Jegelka},
  title     = {How Powerful are Graph Neural Networks?},
  booktitle = {7th International Conference on Learning Representations, {ICLR} 2019,
               New Orleans, LA, USA, May 6-9, 2019},
  year      = {2019},
  crossref  = {DBLP:conf/iclr/2019},
  timestamp = {Thu, 25 Jul 2019 13:03:15 +0200},
  biburl    = {https://dblp.org/rec/bib/conf/iclr/XuHLJ19},
  bibsource = {dblp computer science bibliography, https://dblp.org}
}

@ARTICLE{Wu2019,
       author = {{Wu}, Zonghan and {Pan}, Shirui and {Chen}, Fengwen and {Long}, Guodong and
         {Zhang}, Chengqi and {Yu}, Philip S.},
        title = "{A Comprehensive Survey on Graph Neural Networks}",
      journal = {arXiv e-prints},
     keywords = {Computer Science - Machine Learning, Statistics - Machine Learning},
         year = "2019",
        month = "Jan",
archivePrefix = {arXiv},
       eprint = {1901.00596},
 primaryClass = {cs.LG},
       adsurl = {https://ui.adsabs.harvard.edu/abs/2019arXiv190100596W},
      adsnote = {Provided by the SAO/NASA Astrophysics Data System}
}

@inproceedings{Zhang2018,
  author    = {Muhan Zhang and
               Zhicheng Cui and
               Marion Neumann and
               Yixin Chen},
  title     = {An End-to-End Deep Learning Architecture for Graph Classification},
  booktitle = {Proceedings of the Thirty-Second {AAAI} Conference on Artificial Intelligence,
               (AAAI-18), the 30th innovative Applications of Artificial Intelligence
               (IAAI-18), and the 8th {AAAI} Symposium on Educational Advances in
               Artificial Intelligence (EAAI-18), New Orleans, Louisiana, USA, February
               2-7, 2018},
  pages     = {4438--4445},
  year      = {2018},
  crossref  = {DBLP:conf/aaai/2018},
  timestamp = {Tue, 23 Oct 2018 06:42:15 +0200},
  biburl    = {https://dblp.org/rec/bib/conf/aaai/ZhangCNC18},
  bibsource = {dblp computer science bibliography, https://dblp.org}
}

@inproceedings{Ying2018,
  author    = {Zhitao Ying and
               Jiaxuan You and
               Christopher Morris and
               Xiang Ren and
               William L. Hamilton and
               Jure Leskovec},
  title     = {Hierarchical Graph Representation Learning with Differentiable Pooling},
  booktitle = {Advances in Neural Information Processing Systems 31: Annual Conference
               on Neural Information Processing Systems 2018, NeurIPS 2018, 3-8 December
               2018, Montr{\'{e}}al, Canada},
  pages     = {4805--4815},
  year      = {2018},
  crossref  = {DBLP:conf/nips/2018},
  timestamp = {Sun, 16 Dec 2018 17:30:05 +0100},
  biburl    = {https://dblp.org/rec/bib/conf/nips/YingY0RHL18},
  bibsource = {dblp computer science bibliography, https://dblp.org}
}

@inproceedings{Babai2016,
  author    = {L{\'{a}}szl{\'{o}} Babai},
  title     = {Graph isomorphism in quasipolynomial time [extended abstract]},
  booktitle = {Proceedings of the 48th Annual {ACM} {SIGACT} Symposium on Theory
               of Computing, {STOC} 2016, Cambridge, MA, USA, June 18-21, 2016},
  pages     = {684--697},
  year      = {2016},
  crossref  = {DBLP:conf/stoc/2016},
  timestamp = {Tue, 06 Nov 2018 11:07:06 +0100},
  biburl    = {https://dblp.org/rec/bib/conf/stoc/Babai16},
  bibsource = {dblp computer science bibliography, https://dblp.org}
}

@article{Weisfeiler1968,
  title={A reduction of a graph to a canonical form and an algebra arising during this reduction},
  author={Weisfeiler, Boris and Lehman, Andrei A.},
  journal={Nauchno-Technicheskaya Informatsia},
  volume={2},
  number={9},
  pages={12--16},
  year={1968}
}

@inproceedings{Babai1979,
  author    = {L{\'{a}}szl{\'{o}} Babai and
               Ludek Kucera},
  title     = {Canonical Labelling of Graphs in Linear Average Time},
  booktitle = {20th Annual Symposium on Foundations of Computer Science, San Juan,
               Puerto Rico, 29-31 October 1979},
  pages     = {39--46},
  year      = {1979},
  crossref  = {DBLP:conf/focs/FOCS20},
  timestamp = {Wed, 16 Oct 2019 14:14:54 +0200},
  biburl    = {https://dblp.org/rec/bib/conf/focs/BabaiK79},
  bibsource = {dblp computer science bibliography, https://dblp.org}
}

@article{Cai1992,
  author    = {Jin{-}yi Cai and
               Martin F{\"{u}}rer and
               Neil Immerman},
  title     = {An optimal lower bound on the number of variables for graph identifications},
  journal   = {Combinatorica},
  volume    = {12},
  number    = {4},
  pages     = {389--410},
  year      = {1992},
  timestamp = {Thu, 18 May 2017 09:53:25 +0200},
  biburl    = {https://dblp.org/rec/bib/journals/combinatorica/CaiFI92},
  bibsource = {dblp computer science bibliography, https://dblp.org}
}

@article{Vishwanathan2010,
  author    = {S. V. N. Vishwanathan and
               Nicol N. Schraudolph and
               Risi Kondor and
               Karsten M. Borgwardt},
  title     = {Graph Kernels},
  journal   = {J. Mach. Learn. Res.},
  volume    = {11},
  pages     = {1201--1242},
  year      = {2010},
  timestamp = {Wed, 10 Jul 2019 15:28:43 +0200},
  biburl    = {https://dblp.org/rec/bib/journals/jmlr/VishwanathanSKB10},
  bibsource = {dblp computer science bibliography, https://dblp.org}
}

@article{Shervashidze2011,
  author    = {Nino Shervashidze and
               Pascal Schweitzer and
               Erik Jan van Leeuwen and
               Kurt Mehlhorn and
               Karsten M. Borgwardt},
  title     = {Weisfeiler-Lehman Graph Kernels},
  journal   = {J. Mach. Learn. Res.},
  volume    = {12},
  pages     = {2539--2561},
  year      = {2011},
  timestamp = {Wed, 10 Jul 2019 15:28:02 +0200},
  biburl    = {https://dblp.org/rec/bib/journals/jmlr/ShervashidzeSLMB11},
  bibsource = {dblp computer science bibliography, https://dblp.org}
}

@inproceedings{Zaheer2017,
  author    = {Manzil Zaheer and
               Satwik Kottur and
               Siamak Ravanbakhsh and
               Barnab{\'{a}}s P{\'{o}}czos and
               Ruslan Salakhutdinov and
               Alexander J. Smola},
  title     = {Deep Sets},
  booktitle = {Advances in Neural Information Processing Systems 30: Annual Conference
               on Neural Information Processing Systems 2017, 4-9 December 2017,
               Long Beach, CA, {USA}},
  pages     = {3391--3401},
  year      = {2017},
  crossref  = {DBLP:conf/nips/2017},
  timestamp = {Tue, 23 Jul 2019 12:44:35 +0200},
  biburl    = {https://dblp.org/rec/bib/conf/nips/ZaheerKRPSS17},
  bibsource = {dblp computer science bibliography, https://dblp.org}
}

@article{Hornik1991,
  author    = {Kurt Hornik},
  title     = {Approximation capabilities of multilayer feedforward networks},
  journal   = {Neural Networks},
  volume    = {4},
  number    = {2},
  pages     = {251--257},
  year      = {1991},
  timestamp = {Wed, 14 Nov 2018 10:30:18 +0100},
  biburl    = {https://dblp.org/rec/bib/journals/nn/Hornik91},
  bibsource = {dblp computer science bibliography, https://dblp.org}
}

@article{Hornik1989,
  author    = {Kurt Hornik and
               Maxwell B. Stinchcombe and
               Halbert White},
  title     = {Multilayer feedforward networks are universal approximators},
  journal   = {Neural Networks},
  volume    = {2},
  number    = {5},
  pages     = {359--366},
  year      = {1989},
  timestamp = {Wed, 14 Nov 2018 10:30:15 +0100},
  biburl    = {https://dblp.org/rec/bib/journals/nn/HornikSW89},
  bibsource = {dblp computer science bibliography, https://dblp.org}
}

@inproceedings{Xu2018,
  author    = {Keyulu Xu and
               Chengtao Li and
               Yonglong Tian and
               Tomohiro Sonobe and
               Ken{-}ichi Kawarabayashi and
               Stefanie Jegelka},
  title     = {Representation Learning on Graphs with Jumping Knowledge Networks},
  booktitle = {Proceedings of the 35th International Conference on Machine Learning,
               {ICML} 2018, Stockholmsm{\"{a}}ssan, Stockholm, Sweden, July
               10-15, 2018},
  pages     = {5449--5458},
  year      = {2018},
  crossref  = {DBLP:conf/icml/2018},
  timestamp = {Wed, 03 Apr 2019 18:17:30 +0200},
  biburl    = {https://dblp.org/rec/bib/conf/icml/XuLTSKJ18},
  bibsource = {dblp computer science bibliography, https://dblp.org}
}

@inproceedings{Yanardag2015,
  author    = {Pinar Yanardag and
               S. V. N. Vishwanathan},
  title     = {Deep Graph Kernels},
  booktitle = {Proceedings of the 21th {ACM} {SIGKDD} International Conference on
               Knowledge Discovery and Data Mining, Sydney, NSW, Australia, August
               10-13, 2015},
  pages     = {1365--1374},
  year      = {2015},
  crossref  = {DBLP:conf/kdd/2015},
  timestamp = {Tue, 06 Nov 2018 16:59:35 +0100},
  biburl    = {https://dblp.org/rec/bib/conf/kdd/YanardagV15},
  bibsource = {dblp computer science bibliography, https://dblp.org}
}

@inproceedings{Gilmer2017,
  author    = {Justin Gilmer and
               Samuel S. Schoenholz and
               Patrick F. Riley and
               Oriol Vinyals and
               George E. Dahl},
  title     = {Neural Message Passing for Quantum Chemistry},
  booktitle = {Proceedings of the 34th International Conference on Machine Learning,
               {ICML} 2017, Sydney, NSW, Australia, 6-11 August 2017},
  pages     = {1263--1272},
  year      = {2017},
  crossref  = {DBLP:conf/icml/2017},
  timestamp = {Wed, 29 May 2019 08:41:45 +0200},
  biburl    = {https://dblp.org/rec/bib/conf/icml/GilmerSRVD17},
  bibsource = {dblp computer science bibliography, https://dblp.org}
}

@article{Micheli2009,
  author    = {Alessio Micheli},
  title     = {Neural Network for Graphs: {A} Contextual Constructive Approach},
  journal   = {{IEEE} Trans. Neural Networks},
  volume    = {20},
  number    = {3},
  pages     = {498--511},
  year      = {2009},
  timestamp = {Wed, 14 Nov 2018 10:32:21 +0100},
  biburl    = {https://dblp.org/rec/bib/journals/tnn/Micheli09},
  bibsource = {dblp computer science bibliography, https://dblp.org}
}

@inproceedings{Bruna2014,
  author    = {Joan Bruna and
               Wojciech Zaremba and
               Arthur Szlam and
               Yann LeCun},
  title     = {Spectral Networks and Locally Connected Networks on Graphs},
  booktitle = {2nd International Conference on Learning Representations, {ICLR} 2014,
               Banff, AB, Canada, April 14-16, 2014, Conference Track Proceedings},
  year      = {2014},
  crossref  = {DBLP:conf/iclr/2014},
  timestamp = {Thu, 04 Apr 2019 13:20:07 +0200},
  biburl    = {https://dblp.org/rec/bib/journals/corr/BrunaZSL13},
  bibsource = {dblp computer science bibliography, https://dblp.org}
}

@inproceedings{Defferrard2016,
  author    = {Micha{\"{e}}l Defferrard and
               Xavier Bresson and
               Pierre Vandergheynst},
  title     = {Convolutional Neural Networks on Graphs with Fast Localized Spectral
               Filtering},
  booktitle = {Advances in Neural Information Processing Systems 29: Annual Conference
               on Neural Information Processing Systems 2016, December 5-10, 2016,
               Barcelona, Spain},
  pages     = {3837--3845},
  year      = {2016},
  crossref  = {DBLP:conf/nips/2016},
  timestamp = {Fri, 03 Mar 2017 14:59:41 +0100},
  biburl    = {https://dblp.org/rec/bib/conf/nips/DefferrardBV16},
  bibsource = {dblp computer science bibliography, https://dblp.org}
}

@inproceedings{Li2018,
  author    = {Ruoyu Li and
               Sheng Wang and
               Feiyun Zhu and
               Junzhou Huang},
  title     = {Adaptive Graph Convolutional Neural Networks},
  booktitle = {Proceedings of the Thirty-Second {AAAI} Conference on Artificial Intelligence,
               (AAAI-18), the 30th innovative Applications of Artificial Intelligence
               (IAAI-18), and the 8th {AAAI} Symposium on Educational Advances in
               Artificial Intelligence (EAAI-18), New Orleans, Louisiana, USA, February
               2-7, 2018},
  pages     = {3546--3553},
  year      = {2018},
  crossref  = {DBLP:conf/aaai/2018},
  timestamp = {Tue, 23 Oct 2018 06:42:15 +0200},
  biburl    = {https://dblp.org/rec/bib/conf/aaai/LiWZH18},
  bibsource = {dblp computer science bibliography, https://dblp.org}
}

@inproceedings{Zhuang2018,
 author = {Zhuang, Chenyi and Ma, Qiang},
 title = {Dual Graph Convolutional Networks for Graph-Based Semi-Supervised Classification},
 booktitle = {Proceedings of the 2018 World Wide Web Conference},
 series = {WWW '18},
 year = {2018},
 isbn = {978-1-4503-5639-8},
 location = {Lyon, France},
 pages = {499--508},
 numpages = {10},
 acmid = {3186116},
 publisher = {International World Wide Web Conferences Steering Committee},
 address = {Republic and Canton of Geneva, Switzerland},
 keywords = {adjacency matrix, graph convolutional networks, graph diffusion, pointwise mutual information, semi-supervised learning},
}

@inproceedings{Atwood2016,
  author    = {James Atwood and
               Don Towsley},
  title     = {Diffusion-Convolutional Neural Networks},
  booktitle = {Advances in Neural Information Processing Systems 29: Annual Conference
               on Neural Information Processing Systems 2016, December 5-10, 2016,
               Barcelona, Spain},
  pages     = {1993--2001},
  year      = {2016},
  crossref  = {DBLP:conf/nips/2016},
  timestamp = {Fri, 03 Mar 2017 14:59:41 +0100},
  biburl    = {https://dblp.org/rec/bib/conf/nips/AtwoodT16},
  bibsource = {dblp computer science bibliography, https://dblp.org}
}

@inproceedings{Shervashidze2009,
  author    = {Nino Shervashidze and
               Karsten M. Borgwardt},
  title     = {Fast subtree kernels on graphs},
  booktitle = {Advances in Neural Information Processing Systems 22: 23rd Annual
               Conference on Neural Information Processing Systems 2009. Proceedings
               of a meeting held 7-10 December 2009, Vancouver, British Columbia,
               Canada},
  pages     = {1660--1668},
  year      = {2009},
  crossref  = {DBLP:conf/nips/2009},
  timestamp = {Thu, 11 Dec 2014 17:34:07 +0100},
  biburl    = {https://dblp.org/rec/bib/conf/nips/ShervashidzeB09},
  bibsource = {dblp computer science bibliography, https://dblp.org}
}

@inproceedings{Gartner2003,
  author    = {Thomas G{\"{a}}rtner and
               Peter A. Flach and
               Stefan Wrobel},
  title     = {On Graph Kernels: Hardness Results and Efficient Alternatives},
  booktitle = {Computational Learning Theory and Kernel Machines, 16th Annual Conference on Computational Learning Theory and 7th Kernel Workshop, COLT/Kernel
               2003, Washington, DC, USA, August 24-27, 2003, Proceedings},
  pages     = {129--143},
  year      = {2003},
  crossref  = {DBLP:conf/colt/2003},
  timestamp = {Thu, 05 Dec 2019 17:07:14 +0100},
  biburl    = {https://dblp.org/rec/bib/conf/colt/GartnerFW03},
  bibsource = {dblp computer science bibliography, https://dblp.org}
}

@inproceedings{Kashima2003,
  author    = {Hisashi Kashima and
               Koji Tsuda and
               Akihiro Inokuchi},
  title     = {Marginalized Kernels Between Labeled Graphs},
  booktitle = {Machine Learning, Proceedings of the Twentieth International Conference
               {(ICML} 2003), August 21-24, 2003, Washington, DC, {USA}},
  pages     = {321--328},
  year      = {2003},
  crossref  = {DBLP:conf/icml/2003},
  timestamp = {Thu, 13 Dec 2012 12:01:46 +0100},
  biburl    = {https://dblp.org/rec/bib/conf/icml/KashimaTI03},
  bibsource = {dblp computer science bibliography, https://dblp.org}
}