@inproceedings{DBLP:conf/iclr/KipfW17,
  author    = {Thomas N. Kipf and
               Max Welling},
  title     = {Semi-Supervised Classification with Graph Convolutional Networks},
  booktitle = {5th International Conference on Learning Representations, {ICLR} 2017,
               Toulon, France, April 24-26, 2017, Conference Track Proceedings},
  year      = {2017},
  crossref  = {DBLP:conf/iclr/2017},
  url       = {https://openreview.net/forum?id=SJU4ayYgl},
  timestamp = {Thu, 25 Jul 2019 14:25:55 +0200},
  biburl    = {https://dblp.org/rec/bib/conf/iclr/KipfW17},
  bibsource = {dblp computer science bibliography, https://dblp.org}
}

@inproceedings{DBLP:journals/jmlr/GlorotB10,
  author    = {Xavier Glorot and
               Yoshua Bengio},
  title     = {Understanding the difficulty of training deep feedforward neural networks},
  booktitle = {Proceedings of the Thirteenth International Conference on Artificial
               Intelligence and Statistics, {AISTATS} 2010, Chia Laguna Resort, Sardinia,
               Italy, May 13-15, 2010},
  pages     = {249--256},
  year      = {2010},
  crossref  = {DBLP:conf/aistats/2010},
  url       = {http://proceedings.mlr.press/v9/glorot10a.html},
  timestamp = {Wed, 29 May 2019 08:41:47 +0200},
  biburl    = {https://dblp.org/rec/bib/journals/jmlr/GlorotB10},
  bibsource = {dblp computer science bibliography, https://dblp.org}
}

@inproceedings{DBLP:journals/corr/KingmaB14,
  author    = {Diederik P. Kingma and
               Jimmy Ba},
  title     = {Adam: {A} Method for Stochastic Optimization},
  booktitle = {3rd International Conference on Learning Representations, {ICLR} 2015,
               San Diego, CA, USA, May 7-9, 2015, Conference Track Proceedings},
  year      = {2015},
  crossref  = {DBLP:conf/iclr/2015},
  url       = {http://arxiv.org/abs/1412.6980},
  timestamp = {Thu, 25 Jul 2019 01:00:00 +0200},
  biburl    = {https://dblp.org/rec/bib/journals/corr/KingmaB14},
  bibsource = {dblp computer science bibliography, https://dblp.org}
}